@misc{add:quickpic:web,
    editor = {An, Weiming},
    howpublished = {{GitHub} repository},
    author = {{UCLA Plasma Simulation Group}},
    title = {{QuickPIC-OpenSource}},
    type = {repository},
    url = {https://github.com/UCLA-Plasma-Simulation-Group/QuickPIC-OpenSource},
    year = {2017},
}

@misc{add:berglyd_olsen:2013,
	type = {{GitHub} {Repository}},
	title = {{OsirisAnalysis}: {Matlab} {Analysis} {Code} for {Osiris} {Simulations}},
	shorttitle = {{OsirisAnalysis}},
	url = {https://github.com/vkbo/OsirisAnalysis},
	urldate = {2017-02-16},
	author = {Berglyd Olsen, Veronica K.},
	year = {2013}
}

@misc{add:gorbonosov:2013,
	address = {CERN},
	type = {{AWAKE} {Collaboration} {Meeting}},
	title = {Control {Systems} at {CERN}},
	url = {https://indico.cern.ch/event/282031/},
	author = {Gorbonosov, Roman},
	month = apr,
	year = {2013}
}

@misc{add:berglyd_olsen:2016,
	address = {CERN},
	type = {17th {AWAKE} {Technical} {Board}},
	title = {{FESA} {File} {Reader} {Progress}},
	url = {https://indico.cern.ch/event/523605/},
	author = {Berglyd Olsen, Veronica K.},
	month = feb,
	year = {2016}
}

