
@inproceedings{berglyd_olsen:2016,
	address = {Chicago, IL, USA},
	title = {Loading of {Wakefields} in a {Plasma} {Accelerator} {Section} {Driven} by a {Self}-{Modulated} {Proton} {Beam}},
	shorttitle = {{TUA}4CO03},
	booktitle = {Proceedings of {NAPAC} 2016},
	author = {Berglyd Olsen, Veronica K. and Adli, Erik and Muggli, Patric and Vieira, Jorge},
	month = oct,
	year = {2016}
}

@phdthesis{sjobaek:2016,
	address = {Oslo, Norway},
	type = {{PhD} {Thesis}},
	title = {Avoiding vacuum arcs in high gradient normal conducting {RF} structures},
	url = {https://www.duo.uio.no/handle/10852/52944},
	urldate = {2016-11-16},
	school = {University of Oslo},
	author = {Sjøbæk, Kyrre Ness},
	year = {2016}
}

@inproceedings{berglyd_olsen:2015,
	address = {Richmond, VA, USA},
	title = {Loading of a {Plasma}-{Wakefield} {Accelerator} {Section} {Driven} by a {Self}-{Modulated} {Proton} {Bunch}},
	isbn = {978-3-95450-168-7},
	shorttitle = {{WEPWA}026},
	url = {https://jacowfs.jlab.org/conf/proceedings/IPAC2015/papers/wepwa026.pdf},
	booktitle = {Proceedings of {IPAC} 2015},
	author = {Berglyd Olsen, Veronica K. and Adli, Erik and Muggli, Patric and Amorim, Ligia Diana and Vieira, Jorge},
	month = may,
	year = {2015},
	pages = {2551--2554}
}

@article{lehe:2013,
	title = {Numerical growth of emittance in simulations of laser-wakefield acceleration},
	volume = {16},
	url = {http://link.aps.org/doi/10.1103/PhysRevSTAB.16.021301},
	doi = {10.1103/PhysRevSTAB.16.021301},
	number = {2},
	urldate = {2016-08-22},
	journal = {Physical Review Special Topics - Accelerators and Beams},
	author = {Lehe, R. and Lifschitz, A. and Thaury, C. and Malka, V. and Davoine, X.},
	month = feb,
	year = {2013},
	pages = {021301}
}

@inproceedings{saito:1992,
	address = {Ottawa, Ontario, Canada},
	title = {Breakdown phenomena in vacuum},
	volume = {28},
	url = {http://inis.iaea.org/Search/search.aspx?orig_q=RN:28053586},
	urldate = {2017-02-07},
	booktitle = {Proceedings of the 1992 linear accelerator conference},
	author = {Saito, K.},
	month = nov,
	year = {1992},
	pages = {575--579}
}

@article{braun:2003,
	title = {Frequency and {Temperature} {Dependence} of {Electrical} {Breakdown} at 21, 30, and 39 {GHz}},
	volume = {90},
	url = {http://link.aps.org/doi/10.1103/PhysRevLett.90.224801},
	doi = {10.1103/PhysRevLett.90.224801},
	number = {22},
	urldate = {2017-02-16},
	journal = {Physical Review Letters},
	author = {Braun, H. H. and Döbert, S. and Wilson, I. and Wuensch, W.},
	month = jun,
	year = {2003},
	pages = {224801}
}

@article{yee:1966,
	title = {Numerical solution of initial boundary value problems involving maxwell's equations in isotropic media},
	volume = {14},
	issn = {0018-926X},
	doi = {10.1109/TAP.1966.1138693},
	number = {3},
	journal = {IEEE Transactions on Antennas and Propagation},
	author = {Yee, Kane},
	month = may,
	year = {1966},
	keywords = {Boundary conditions, Boundary value problems, Conductors, Difference equations, Differential equations, Electromagnetic scattering, EMP radiation effects, EMP radiation effects., Finite difference methods, Magnetic scattering by absorbing media, Maxwell equations, Partial differential equations},
	pages = {302--307}
}

@article{pritzkau:2002,
	title = {Experimental {Study} of {RF} {Pulsed} {Heating} on {Oxygen} {Free} {Electronic} {Copper}},
	volume = {5},
	url = {http://link.aps.org/doi/10.1103/PhysRevSTAB.5.112002},
	doi = {10.1103/PhysRevSTAB.5.112002},
	number = {11},
	urldate = {2017-02-16},
	journal = {Physical Review Special Topics - Accelerators and Beams},
	author = {Pritzkau, David P. and Siemann, Robert H.},
	month = nov,
	year = {2002},
	pages = {112002}
}

@misc{berglyd_olsen:2013,
	type = {{GitHub} {Repository}},
	title = {{OsirisAnalysis}: {Matlab} {Analysis} {Code} for {Osiris} {Simulations}},
	shorttitle = {{OsirisAnalysis}},
	url = {https://github.com/Jadzia626/OsirisAnalysis},
	urldate = {2017-02-16},
	author = {Berglyd Olsen, Veronica K.},
	year = {2013}
}

@inproceedings{berglyd_olsen:2017,
	address = {Copenhagen, Denmark},
	title = {Data {Acquisition} and {Controls} {Integration} of the {AWAKE} {Experiment} at {CERN}},
	shorttitle = {{TUPIK}061},
	url = {http://vrws.de/ipac2017/papers/tupik061.pdf},
	urldate = {2017-05-29},
	booktitle = {Proceedings of {IPAC}2017},
	author = {Berglyd Olsen, Veronica K. and Batkiewicz, Jozef J. and Deghaye, Stephane and Gessner, Spencer J. and Gschwendtner, Edda and Muggli, Patric},
	month = may,
	year = {2017}
}